<?xml version="1.0" encoding="UTF-8"?><collection xmlns="http://www.loc.gov/MARC21/slim"><record><leader>00624nam--2200193-u-4500</leader><controlfield tag="001">000054168</controlfield><controlfield tag="002">20161230</controlfield><controlfield tag="005">20161230201051</controlfield><controlfield tag="008">110914s1000------------r-----000-0-eng-d</controlfield><datafield ind1=" " ind2=" " tag="020"><subfield code="a">0854981047</subfield></datafield><datafield ind1=" " ind2=" " tag="040"><subfield code="a">IFIN-HH</subfield></datafield><datafield ind1=" " ind2=" " tag="080"><subfield code="a">535.82(061.3)</subfield></datafield><datafield ind1="1" ind2=" " tag="100"><subfield code="a">Cosselett, V.E</subfield></datafield><datafield ind1="1" ind2="0" tag="245"><subfield code="a">Electron microscopy 1972</subfield><subfield code="b">Pproceedings of the fifth european congress on electron microscopy university of manchester 5-12 september 1972</subfield><subfield code="c">V.e. cosslett (ed.)</subfield></datafield><datafield ind1=" " ind2=" " tag="260"><subfield code="a">London</subfield><subfield code="b">Institute Of Physics</subfield><subfield code="c">1972</subfield></datafield><datafield ind1=" " ind2=" " tag="300"><subfield code="a">684P</subfield></datafield><datafield ind1=" " ind2=" " tag="490"><subfield code="a">Conference Series Number 14</subfield></datafield><datafield ind1=" " ind2=" " tag="852"><subfield code="a">70136</subfield><subfield code="c">537.533.35</subfield></datafield><datafield ind1=" " ind2=" " tag="CAT"><subfield code="a">Sys</subfield><subfield code="c">20110914</subfield><subfield code="h">154624</subfield></datafield></record></collection>